@book{1,
  	Author = {David MacKay},
  	Publisher = {Cambridge University Press},
  	Title = {{Information Theory, Inference, and Learning Algorithms}},
  	Year = 2003
}

@book{2,
  	Author = {Shannon, Claude E.},
  	Publisher = {Bell System Technical Journal. 27},
  	Title = {{A Mathematical Theory of Communication}},
    month = jul,
  	Year = 1948
}

@article{3,
    author = {D. A. Huffman},
    title = "{A method for the construction of minimum-redundancy codes}",
    journal = {Proc. IRE, vol. 40, pp. 1098-1101},
    year = 1952,
    volume = 40
}

@article{4,
    author = {J. Ziv and A. Lempel},
    title = "{A Universal Algorithm for Data Compression}",
    journal = {IEEE Transactions on Information Theory 23(3):337–343},
    month = may,
    year = 1977
}

@misc{5,
  title = {Delta Encoding},
  month = July,
  year = {2019},
  publisher = {Wikipedia},
  url = {https://en.wikipedia.org/wiki/Delta_encoding}
}

@article{6,
    author = {M. Burrows and D. Wheeler},
    title = "{A Block-Sorting Lossless Data Compression Algorithm}",
    journal = {Research Report 124, Digital Equipment Corporation, Palo Alto, CA, USA},
    month = may,
    year = 1994
}

@misc{7,
  title = {Statistical Distributions of English Text, Archived from the original},
  month = September,
  year = {2017},
  publisher = {data-compression.com},
  url = {https://web.archive.org/web/20170918020907/http://www.data-compression.com/english.html}
}

@book{8,
  	Publisher = {Oxford University Press, Oxford Dictionary},
  	Title = {{What is the frequency of the letters of the alphabet in English?}},
    month = December,
  	Year = 2012
}

@misc{9,
  title = {Letter frequency},
  month = July,
  year = {2019},
  publisher = {Wikipedia},
  url = {https://en.wikipedia.org/wiki/Letter_frequency}
}

@misc{10,
  title = {A Standard Compression Scheme For Unicode - UTR #6},
  month = May,
  year = {2005},
  publisher = {Unicode.org},
  url = {https://www.unicode.org/reports/tr6/tr6-4.html}
}

@article{11,
    author = {Scherer, Markus W. and Davis, Mark.},
    title = "{{BOCU-1: MIME-Compatible Unicode Compression}, Unicode Technical Note #6, version 1}",
    url = {http://www.unicode.org/notes/tn6/},
    month = aug,
    year = 2002
}

@article{12,
    author = {Pavel Studený, Ondřej Holeček, Opera Software ASA, Mark.},
    title = "{{Fast Compression Algorithm For Unicode Text}, Unicode Technical Note #31, version 2}",
    url = {http://www.unicode.org/notes/tn31/},
    month = January,
    year = 2008
}

@article{13,
    author = {Doug Ewell},
    title = "{{A survey of Unicode compression}, Unicode Technical Note #14, version 1}",
    url = {http://www.unicode.org/notes/tn14/},
    month = January,
    year = 2004
}

@misc{14,
    author = {Salvatore Sanfilippo},
    title = {SMAZ - compression for very small strings},
    month = Feb,
    year = {2012},
    publisher = {github.com},
    url = {https://github.com/antirez/smaz}
}

@misc{15,
    author = {Christian Schramm},
    title = {shoco: a fast compressor for short strings},
    month = Dec,
    year = {2015},
    url = {https://ed-von-schleck.github.io/shoco}
}
